@article{JureJaewon_baseline_quality,
	author =	"Jaewon Yang and Jure Leskovec",
	title =		"Defining and Evaluating Network Communities based on Ground-truth",
	year =		"dfd",
	journal =	"ICDM.",
	volume =	"7",
	number =	"2",
	pages =		"43-55"
}

@article{david_FFP,
	author =	"David J. Aldous",
	title =		"Weak concentration for first passage percolation times on graphs and general increasing set-valued processes",
	year =		"2016",
	journal =	"ALEA Lat. Am. J.Probab. Math. Stat.",
	volume =	"13",
	number =	"2",
	page =		"925-940"
}

@MISC{social_network,

	author =	"Brendan Griffen",
	title =		"The Graph Of A Social Network",
	year =		"2016",
    note = "[Online; accessed April 27, 2017]",
    url = "https://griffsgraphs.wordpress.com/tag/clustering/"
}

@MISC{image_seg,

	author =	"Micael Couceiro",
	title =		"Multiple Image Segmentation using PSO, DPSO, FO-DPSO and exhaustive methods",
	year =		"2012",
    note = "[Online; accessed April 27, 2017]",
    url = "https://www.mathworks.com/matlabcentral/fileexchange/29517-segmentation?requestedDomain=www.mathworks.com"
}

@MISC{protein,

	author =	"Hsuan-Ting Huang and Katie L. Kathrein, Abby Barton and Zachary Gitlin and Yue-Hua Huang and Thomas P. Ward and Oliver Hofmann and Anthony Dibiase and Anhua Song and Svitlana Tyekucheva and Winston Hide and Yi Zhou and Leonard I. Zon",
	title =		"A protein–protein interaction network for the 425 human chromatin factors screened",
	year =		"2013",
    note = "[Online; accessed April 27, 2017]",
    url = "http://www.nature.com/ncb/journal/v15/n12/fig_tab/ncb2870_F7.html"
}
@article{AFL,
	author =	"Alaa Saade and Florent Krzakala and Lenka Zdeborov\'a.",
	title =		"Spectral Clustering of Graphs with the Bethe Hessian",
	year =		"2016",
	journal =	"arXiv:1406.1880v2.",
	volume =	"",
	number =	"",
	page =		""
}


@article{Massouli,
	author =	"Laurent Massouli\'e",
	title =		"Community detection thresholds and the weak Ramanujan property",
	year =		"2013",
	journal =	"arXiv:1311.3085 ",
	volume =	"",
	number =	"",
	page =		""
}


@article{MNS_sparse,
	author =	"Elchanan Mossel and Joe Neeman and Allan Sly",
	title =		"A Proof Of The Block Model Threshold Conjecture",
	year =		"2016",
	journal =	"arXiv:1311.4115",
	volume =	"",
	number =	"",
	page =		""
}



@article{ABH,
	author =	"Emmanuel Abbe and Afonso S. Bandeira and Georgina Hall",
	title =		"Exact Recovery in the Stochastic Block Model",
	year =		"2014",
	journal =	"arXiv:1405.3267v4",
	volume =	"",
	number =	"",
	page =		""
}

@article{persi,
	author =	"Persi Diaconis and Daniel Stroock",
	title =		"Geometric bounds for eigenvalues of Markov chains",
	year =		"1991.",
	journal =	"Ann. Appl. Probab.",
	volume =	"1",
	number =	"1",
	pages =		"36-61"
}

@article{JureJaewon_overlapping_com,
	author = 	"Jaewon Yang and Jure Leskovec",
	title =		"Community-Affiliation Graph Model for Overlapping Network Community Detection",
	year =		"2012",
	journal =	"Proceeding ICDM '12 Proceedings of the 2012 IEEE 12th International Conference on Data Mining",
	volume =	"390",
	number =	".",
	pages =		"1170-1175"
}
@article{GNN,
	author = 	"Franco Scarselli and  Marco Gori and  Ah Chung Tsoi and  Markus Hagenbuchner and Gabriele Monfardini",
	title =		"The Graph Neural Network",
	year =		"2009",
	journal =	"IEEE Transactions on Neural Networks",
	volume =	"20",
	number =	"1",
	pages =		"61–80"
}


@article{MNS,
	author = 	"Elchanan Mossel and Joe Neeman and Allan Sly",
	title =		"A proof of the block model threshold conjecture",
	year =		"2014",
	journal =	"arXiv:1311.4115",
	volume =	"",
	number =	"",
	pages =		""
}

@article{tutorial_SC,
	author = 	"Ulrike von Luxburg",
	title =		"A Tutorial on Spectral Clustering",
	year =		"2007",
	journal =	"U. Stat Comput",
	volume =	"17",
	number =	"395",
	pages =		""
}


@article{link,
    author =	"Linyuan Lu and Tao Zhou",
	title =		"Link prediction in complex networks: A survey",
	year =		"1979",
	journal =	"Probability on discrete structures. Encyclopaedia Math. Sci.",
	volume =	"110",
	number =	".",
	pages =		"1-72."
}
@article{David1,
	author =	"David J. Aldous",
	title =		"The incipient giant component in bond percolation on general finite weighted graphs",
	year =		"2016",
	journal =	"arXiv e-print",
	volume =	"1604.06741",
	number =	"",
	pages =		""
}
@article{David2,
	author =	"David J. Aldous",
	title =		"Weak concentration for first passage percolation times on graphs and general increasing set-valued processes",
	year =		"2016",
	journal =	"arXiv e-print",
	volume =	"1604.06418",
	number =	"",
	pages =		""
}
@article{David-incipientgiant,
	author =	"David J. Aldous",
	title =		"The incipient giant component in bond percolation on general finite weighted graphs",
	year =		"2016",
	journal =	"Electron. Commun. Probab.",
	volume =	"21",
	number =	"68",
	pages =		""
}

@article{Yaonan,
	author =	"Yaonan Zhang and Eric Kolaczyk and Bruce Spencer",
	title =		"Estimating network degree distributions under sampling: an inverse problem, with applications to monitoring social media networks",
	year =		"2015",
	journal =	"Ann. Appl. Stat.",
	volume =	"9",
	number =	"1",
	pages =		"166-199"
}
@article{kipf2016semi,
  author="Thomas N Kipf and Max Welling",
  title="Semi-Supervised Classification with Graph Convolutional Networks",
  journal="arXiv preprint arXiv:1609.02907",
  year="2016"
}

@article{Bruna,
	title =	"Spectral Networks and Locally Connected Networks on Graphs",
	author =  "Joan Bruna and Wojciech Zaremba and Arthur Szlam and Yann LeCun",
	year =		"2013",
	journal =	"arXiv:1312.6203.",
	volume =	"",
	number =	"",
	pages =		""
}

@article{Bin,
	title =	"Spectral clustering and the high-dimensional stochastic blockmodel",
	author =	"By Karl Rohe and Sourav Chatterjee and Bin Yu.",
	year =		"2011",
	journal =	"arxiv.org/abs/1007.1684v3.",
	volume =	"",
	number =	"",
	pages =		""
}

@manual{SBM_adjacency_talk,
    title= "Community Detection via Semidefinite Programming",
    author = "Federico Ricci-Tersenghi",
    year = "2016",
    note= "Journal of Physics Conference",
    URL= "http://www.lps.ens.fr/~krzakala/LESHOUCHES2017/talks/LesHouches2017_RicciTersenghi.pdf",
}

@manual{wiki,
    title= "First passage percolation to the boundary with exponential weights",
    author = "Alexandre Thiery",
    year = "2011",
    note= "",
    URL= "https://mathoverflow.net/questions/83802/correlations-in-last-passage-percolation",
}